<?xml version="1.0" encoding="UTF-8"?><record xmlns="http://www.loc.gov/MARC21/slim" xmlns:cinclude="http://apache.org/cocoon/include/1.0" xmlns:zs="http://www.loc.gov/zing/srw/">
  <leader>01089cz  a2200193n  4500</leader>
  <controlfield tag="001">n  86114903 </controlfield>
  <controlfield tag="003">DLC</controlfield>
  <controlfield tag="005">20080430075736.0</controlfield>
  <controlfield tag="008">861229n| acannaabn          |a ana      </controlfield>
  <datafield tag="010" ind1=" " ind2=" ">
    <subfield code="a">n  86114903 </subfield>
  </datafield>
  <datafield tag="035" ind1=" " ind2=" ">
    <subfield code="a">(OCoLC)oca01772447</subfield>
  </datafield>
  <datafield tag="040" ind1=" " ind2=" ">
    <subfield code="a">DLC</subfield>
    <subfield code="b">eng</subfield>
    <subfield code="c">DLC</subfield>
    <subfield code="d">OCoLC</subfield>
  </datafield>
  <datafield tag="110" ind1="2" ind2=" ">
    <subfield code="a">Virginia Bureau of Vocations for Women</subfield>
  </datafield>
  <datafield tag="410" ind1="2" ind2=" ">
    <subfield code="a">Virginia Bureau of Vocations</subfield>
  </datafield>
  <datafield tag="510" ind1="2" ind2=" ">
    <subfield code="w">b</subfield>
    <subfield code="a">Bureau of Vocations for Women (U.S.)</subfield>
  </datafield>
  <datafield tag="667" ind1=" " ind2=" ">
    <subfield code="a">Old catalog heading: Alliance for Guidance of Rural Youth</subfield>
  </datafield>
  <datafield tag="670" ind1=" " ind2=" ">
    <subfield code="a">NUCMC data from Duke Univ. Lib. (Durham, N.C.) for Warburton, A.A. Papers, 1917-1976</subfield>
    <subfield code="b">(name not given; Alliance for Guidance of Rural Youth)</subfield>
  </datafield>
  <datafield tag="670" ind1=" " ind2=" ">
    <subfield code="a">LC manual auth. cd.</subfield>
    <subfield code="b">(hdg.: Alliance for Guidance of Rural Youth; (cites letter from the Alliance) Virginia Bureau of Vocations for Women founded 1914; in 1916? name changed to Bureau of Vocations for Women; in 1918 to Southern Woman's Educational Alliance; in 1937 to Alliance for Guidance of Rural Youth)</subfield>
  </datafield>
  <datafield tag="670" ind1=" " ind2=" ">
    <subfield code="a">Alliance for Guidance of Rural Youth. Twenty-five years of work, 1914-1939, 1939</subfield>
    <subfield code="b">(Virginia Bureau of Vocations)</subfield>
  </datafield>
</record>